<hs activity="insert">DKDLA</hs><mx:record format="MARC21" type="Bibliographic"><mx:leader>00000cam a22000000c 4500</mx:leader><mx:controlfield tag="008">070308s2004    uik||||       00||| eng|d</mx:controlfield><mx:datafield ind1=" " ind2=" " tag="020"><mx:subfield code="a">0750935510:</mx:subfield><mx:subfield code="c">£8,99</mx:subfield></mx:datafield><mx:datafield ind1="1" ind2=" " tag="029"><mx:subfield code="a">DKDLA</mx:subfield><mx:subfield code="b">870970-basis:44037750</mx:subfield></mx:datafield><mx:datafield ind1=" " ind2=" " tag="040"><mx:subfield code="a">DKDLA</mx:subfield><mx:subfield code="b">dan</mx:subfield><mx:subfield code="c">DKDLA</mx:subfield><mx:subfield code="e">kbsdb</mx:subfield></mx:datafield><mx:datafield ind1=" " ind2=" " tag="049"><mx:subfield code="a">DK-190101</mx:subfield></mx:datafield><mx:datafield ind1=" " ind2=" " tag="084"><mx:subfield code="a">64.101</mx:subfield><mx:subfield code="2">z</mx:subfield></mx:datafield><mx:datafield ind1="0" ind2="0" tag="245"><mx:subfield code="a">Eating with the Victorians /</mx:subfield><mx:subfield code="c">edited by C. Anne Wilson ; foreword by Tom Jaine</mx:subfield></mx:datafield><mx:datafield ind1=" " ind2=" " tag="260"><mx:subfield code="a">Stroud, Gloucestershire :</mx:subfield><mx:subfield code="b">Sutton,</mx:subfield><mx:subfield code="c">2004</mx:subfield></mx:datafield><mx:datafield ind1=" " ind2=" " tag="300"><mx:subfield code="a">xviii, 174 sider, tavler</mx:subfield></mx:datafield><mx:datafield ind1=" " ind2=" " tag="504"><mx:subfield code="a">Further reading: side 161</mx:subfield></mx:datafield><mx:datafield ind1="0" ind2=" " tag="505"><mx:subfield code="a">Indhold: C. Anne Wilson: Introduction : meal patterns and food supply in Victorian Britain ; Luncheon, Nuncheon and related meals ; Supper: the ultimate meal. Eileen White: First thing first : the great British breakfast. Lynette Hunter: Proliferating publications : the progress of Victorian cookery literature. Laura Mason: Everything stops for tea. Peter Brears: À la française : the waning of a long dining tradition. Valerie Mars: À la russe : the new way of dining</mx:subfield></mx:datafield><mx:datafield ind1=" " ind2=" " tag="534"><mx:subfield code="p">Tidligere udgave med titel:</mx:subfield><mx:subfield code="t">Luncheon, Nuncheon and other meals.</mx:subfield><mx:subfield code="n">1994</mx:subfield></mx:datafield><mx:datafield ind1=" " ind2="7" tag="650"><mx:subfield code="a">madkultur</mx:subfield><mx:subfield code="2">z</mx:subfield></mx:datafield><mx:datafield ind1=" " ind2="7" tag="650"><mx:subfield code="a">historie</mx:subfield><mx:subfield code="2">z</mx:subfield></mx:datafield><mx:datafield ind1=" " ind2="7" tag="651"><mx:subfield code="a">England</mx:subfield><mx:subfield code="2">z</mx:subfield></mx:datafield><mx:datafield ind1=" " ind2=" " tag="653"><mx:subfield code="a">victoriatiden</mx:subfield></mx:datafield><mx:datafield ind1="1" ind2=" " tag="700"><mx:subfield code="a">Wilson, C. Anne</mx:subfield></mx:datafield><mx:datafield ind1=" " ind2=" " tag="901"><mx:subfield code="a">641</mx:subfield></mx:datafield></mx:record><hs activity="insert">DKDLA</hs></marc21></of:formatResponse></SOAP-ENV:Body></SOAP-ENV:Envelope>
